@article{kuhl_1975,
	author = {Kuhl P. K. and Miller J. D.},
	title = {Speech perception by the chinchilla: Voiced voiceless distinction in alveolar plosive consonants},
	journal = {Science.},
        year = {1975},
        volume = {190},
	pages = {69-72}
}


@article{kuhl_1983,
	author = {Kuhl P. K. and Padden D. M.},
	title = {Enhanced discriminability at the phonetic boundaries for the place feature in macaques},
	journal = {J. Acoust. Soc. Am.},
        year = {1983},
        volume = {73},
        pages = {1003-1010}
}


@article{kluender_1998,
	author = {Kluender K. R.{,} Lotto A. J.{,} Holt L. L.{,} Bloedel S. L.},
	title = {Role of experience for language-specific functional mappings of vowel sounds},
	journal = {J. Acoust. Soc. Am.},
        year = {1998},
	volume = {104},
	pages = {3568–3582}
}


@article{pons_2006,
	author = {Pons F.},
	title = {The effects of distributional learning on rats sensitivity to phonetic information},
	journal = {J. Exp. Psychol. Anim. Behav.},
        year = {2006},
        volume = {32},
        pages = {97–101}
}


@article{hienz_1996,
	author = {Hienz R. D.{,} Aleszczyk C. M.{,} and May B. J.},
	title = {Vowel discrimination in cats: Acquisition, effects of stimulus level, and performance in noise},
	journal = {J. Acoust. Soc. Am.},
        year = {1996},
        volume = {99},
        pages = {3656–3668}
}


@article{dent_1997,
	author = {Dent M. L.{,} Brittan-Powell E. F.{,} Dooling R. J.{,} and Pierce A.},
	title = {Perception of synthetic /ba/-/wa/ speech continuum by budgerigars (Melopsittacus undulatus)},
	journal = {J. Acoust. Soc. Am.},
        year = {1997},
        volume = {102},
        pages = {1891–1897}
}


@article{lotto_1997,
	author = {Lotto A. J.{,} Kluender K. R.{,} and Holt L. L.},
	title = {Perceptual compensation for coarticulation by Japanese quail (Coturnix coturnix japonica)},
	journal = {J. Acoust. Soc. Am.},
        year = {1997},
        volume = {102},
        pages = {1134–1140}
}


@article{rasanen_2012,
	author = {R\"{a}s\"{a}nen O.},
	title = {Computational modeling of phonetic and lexical learning in early language acquisition: Existing models and future directions},
	journal = {Speech Communication.},
        year = {2012},
        volume = {54},
        pages = {975–997}
}


@article{appelbaum_1996,
	author = {Appelbaum I.},
	title = {The lack of invariance problem and the goal of speech perception},
	journal = {Spoken Language, 1996. ICSLP 96. Proceedings., Fourth International Conference on},
        year = {1996},
        volume = {3}
}


@article{lecun_2015,
	author = {LeCun Y.{,} Bengio Y. and Hinton G.},
	title = {Deep learning},
	journal = {Nature},
        year = {2015},
        volume = {521},
	pages = {436-444}
}


@unpublished{Hawkins-et-al-2016-Book,
   title={Biological and Machine Intelligence (BAMI)},
   author={Hawkins{,} J. and Ahmad{,} S. and Purdy{,} S. and Lavin{,} A.},
   note={Initial online release 0.4},
   url={http://numenta.com/biological-and-machine-intelligence/},
   year={2016}
}


@article{scharenborg_2010,
	author = {Scharenborg O. and Boves L.},
	title = {Computational modelling of spoken-word recognition processes},
	journal = {John Benjamins Publishing Company.},
        year = {2010}
}


@article{dominey_2000,
	author = {Dominey P. F. and Ramus F.},
	title = {Neural network processing of natural language: I. Sensitivity to serial, temporal and abstract structure of language in the infant},
	journal = {Language and Cognitive Processes.},
        year = {2000},
        volume = {15},
        pages = {87-127}
}


@article{boer_2003,
	author = {de Boer B.{,} and Kuhl P.},
	title = {Investigating the role of infant-directed speech with a computer model},
	journal = {Acoustics Research Letters Online.},
        year = {2003},
        volume = {4},
        pages = {129–134}
}


@article{vallabha_2007,
	author = {Vallabha G. K.{,} McLelland J. L.{,} Pons F.{,} Werker J. F. and Amano S.},
	title = {Unsupervised learning of vowel categories from infant-directed speech},
	journal = {Proceedings of National Academy of Sciences.},
        year = {2007},
        volume = {104},
        pages = {13273–13278}
}


@article{toscano_2010,
	author = {Toscano J. C. and McMurray B.},
	title = {Cue Integration With Categories: Weighting Acoustic Cues in Speech Using Unsupervised Learning and Distributional Statistics},
	journal = {Cognitive Scienc.},
        year = {2010},
        volume = {34},
        pages = {434–464}
}


@article{kouki_2010,
	author = {Kouki M.{,} Hideaki K. and Reiko M.},
	title = {Unsupervised Learning of Vowels from Continuous Speech based on Self-organized Phoneme Acquisition Model},
	journal = {Interspeech.},
        year = {2010}
}


@article{kouki_2011,
	author = {Kouki M.{,} Hideaki M.{,} Hideaki K.{,} Reiko M.},
	title = {The Multi Timescale Phoneme Acquisition Model of the Self-Organizing Based on the Dynamic Features},
	journal = {Interspeech.},
        year = {2011}
}


@article{hawkins_2004,
	author = {Hawkins J. and Blakeslee S},
	title = {On Intelligence},
	journal = {Times Books.},
        year = {2004}
}


@inproceedings{Lee:2009:UFL:2984093.2984217,
 author = {Lee{,} Honglak and Largman{,} Yan and Pham{,} Peter and Ng{,} Andrew Y.},
 title = {Unsupervised Feature Learning for Audio Classification Using Convolutional Deep Belief Networks},
 booktitle = {Proceedings of the 22Nd International Conference on Neural Information Processing Systems},
 series = {NIPS'09},
 year = {2009},
 isbn = {978-1-61567-911-9},
 location = {Vancouver, British Columbia, Canada},
 pages = {1096--1104},
 numpages = {9},
 url = {http://dl.acm.org/citation.cfm?id=2984093.2984217},
 acmid = {2984217},
 publisher = {Curran Associates Inc.},
 address = {USA},
} 


@article{hawkins_2016,
	author = {Hawkins J. and Ahmad S.},
	title = {Why Neurons Have Thousands of Synapses, a Theory of Sequence Memory in Neocortex},
	journal = {Frontiers in Neural Circuits.},
        year = {2016},
        volume = {10},
}


@article{mountcastle_1955,
	author = {Mountcastle V. B.{,} Berman A. L. and  Davies P. W.},
	title = {Topographic organization and modality representation in first somatic area of cat’s cerebral cortex by method of single unit analysis},
	journal = {Am. J. Physiol.},
        year = {1955},
        volume = {183}
}


@article{mountcastle_1957,
	author = {Mountcastle V.},
	title = {Modality and topographic properties of cat’s somatic sensory cortex},
	journal = {J. Neurophysiol.},
        year = {1957},
        volume = {20},
        pages = {408–434}
}


@article{hubel_1962,
	author = {Hubel D. and Wiesel T.},
	title = {Receptive fields, binocular interaction and functional architecture in the cat’s visual cortex},
	journal = {J Physiol.},
        year = {1962},
        volume = {160},
        pages = {106–154}
}


@article{hubel_1968,
	author = {Hubel D. and Wiesel T.},
	title = {Receptive fields and functional architecture of monkey striate cortex},
	journal = {J Physiol.},
        year = {1968},
        volume = {195},
        pages = {215–243}
}


@article{rakic_1995,
	author = {Rakic P.},
	title = {Radial versus tangential migration of neuronal clones in the developing cerebral cortex},
	journal = {Proc Natl Acad Sci USA.},
        year = {1995},
        volume = {92}
}


@article{mountcastle_1978,
	author = {Mountcastle V. B.},
	title = {An Organizing Principle for Cerebral Function: The Unit Model and the Distributed System},
	journal = {Cambridge{,} MA.},
        year = {1978}
}


@article{linden_2003,
	author = {Linden J. F. and Schreiner C. E.},
	title = {Columnar Transformations in AuditoryCortex? A Comparison to Visual and Somatosensory Cortices},
	journal = {Cerebral Cortex},
        year = {2003},
        volume = {13},
        pages = {83-89}
}


@article{huang_2000,
	author = {Huang C. L.{,} Winer J. A.},
	title = {Auditory thalamocortical projections in the cat: laminar and areal patterns of input},
	journal = {J. Comp. Neurol.},
        year = {2000},
        volume = {427},
        pages = {302-331}
}


@article{winer_1992,
	author = {Winer J. A.},
	title = {The functional architecture of the medial geniculate body and the primary auditory cortex,  In: The mammalian auditory pathway: neuroanatomy},
	journal = {New York: Springer-Verlag.},
        year = {1992},
        pages = {222-409}
}


@article{rockel_1980,
	author = {Rockel A. J.{,} Hiorns R. W. and Powell T. P.},
	title = {The basic uniformity in the structure of the neocortex},
	journal = {Brain},
        year = {1980},
        volume = {103},
        pages = {221-244}
}


@article{mitani_1985,
	author = {Mitani A. and Shimokouchi M.},
	title = {Neuronal connections in the primary auditor y cortex: an electrophysiological study in the cat},
	journal = {J. Comp. Neurol.},
        year = {1985},
        volume = {235},
        pages = {417-429}
}


@article{mitani_1985A,
	author = {Mitani A.{,} Shimokouchi M.{,} Itoh K.{,} Nomura S.{,} Kudo M.{,} Mizuno N.},
	title = {Morphology and laminar organization of electrophysiologically identified neurons in the primary auditory cortex in the cat},
	journal = {J. Comp. Neurol.},
        year = {1985},
        volume = {235},
        pages = {430-447}
}


@article{sur_1988,
	author = {Sur M.{,} Garraghty P. E.{,} Roe A. W.},
	title = {Experimentally induced visual projections into auditory thalamus and cortex},
	journal = {Science.},
        year = {1988},
        volume = {242},
        pages = {1437–1441}
}


@article{angelucci_1998,
	author = {Angelucci A.{,} Clasca F.{,} Sur M.},
	title = {Brainstem inputs to the ferret medial geniculate nucleus and the effect of early deafferentation on novel retinal projections to the auditory thalamus},
	journal = {J. Comp. Neurol.},
        year = {1998},
        volume = {400},
        pages = {417–439}
}


@article{roe_1992,
	author = {Roe A. W.{,} Pallas S. L.{,} Kwon Y. H.{,} Sur M.},
	title = {Visual projections routed to the auditory pathway in ferrets: receptive fields of visual neurons in primary auditory cortex},
	journal = {J. Neurosci.},
        year = {1992},
        volume = {12},
        pages = {3651–3664}
}


@article{roe_1990,
	author = {Roe A. W.{,} Pallas S. L.{,} Hahm J. O.{,} Sur M.},
	title = {A map of visual space induced in primary auditory cortex},
	journal = {Science.},
        year = {1990},
        volume = {250},
        pages = {818–820}
}


@article{sur_2000,
	author = {Sharma J.{,} Angelucci A.{,} Sur M.},
	title = {Induction of visual orientation modules in auditory cortex},
	journal = {Nature.},
        year = {2000},
        volume = {404},
        pages = {841–847}
}


@article{mesgarani_2008,
	author = {Mesgarani N.{,} David S. V.{,} Fritz J. B.{,} and Shamma S. A.},
	title = {Phoneme representation and classification in primary auditory cortex},
	journal = {J. Acoust. Soc. Am.},
        year = {2008},
        volume = {123},
        pages = {899–909}
}


@article{mesgarani_2014A,
	author = {Mesgarani N.{,} David S. V.{,} Fritz J. B.{,} and Shamma S. A.},
	title = {Mechanisms of noise robust representation of speech in primary auditory cortex},
	journal = {PNAS.},
        year = {2014},
        volume = {123},
        pages = {899–909}
}


@article{chi_2005,
	author = {Chi T.{,} Ru P. and Shamma S.A.},
	title = {Multiresolution spectrotemporal analysis of complex sounds.},
	journal = {J. Acoust. Soc. Am.},
        year = {2005},
        volume = {118},
        pages = {887-906}
}


@article{kohonen_2082,
	author = {Kohonen T.},
	title = {Self-Organized Formation of Topologically Correct Feature Maps},
	journal = {Biological Cybernetics.},
        year = {1982},
        volume = {43},
        pages = {59-69}
}


@book{Kohonen:1989:SAM:69371,
 author = {Kohonen, T.},
 title = {Self-organization and Associative Memory: 3rd Edition},
 year = {1989},
 isbn = {0-387-51387-6},
 publisher = {Springer-Verlag New York, Inc.},
 address = {New York, NY, USA},
} 


@article{barth_2012,
	author = {Barth A.L. and Poulet J.F.},
	title = {Experimental evidence for sparse firing in the neocortex.},
	journal = {Trends Neurosci.},
        year = {2012},
        volume = {35},
        pages = {345-55}
}


@article{turrigiano_2012,
	author = {Turrigiano G.},
	title = {Homeostatic Synaptic Plasticity: Local and Global Mechanisms for Stabilizing Neuronal Function},
	journal = {Cold Spring Harb Perspect Biol.},
        year = {2012},
        volume = {4}
}


@article{ahmad_2016,
	author = {Ahmad{,} S.{,} and Hawkins{,} J.},
	title = {How do neurons operate on sparse distributed representations? A mathematical theory of sparsity, neurons and active dendrites.},
	journal = {arXiv:1601.00720 [q–bio.NC]},
        year = {2016}
}


@article{JMLR:v15:srivastava14a,
  author  = {Nitish Srivastava and Geoffrey Hinton and Alex Krizhevsky and Ilya Sutskever and Ruslan Salakhutdinov},
  title   = {Dropout: A Simple Way to Prevent Neural Networks from Overfitting},
  journal = {Journal of Machine Learning Research},
  year    = {2014},
  volume  = {15},
  pages   = {1929-1958},
  url     = {http://jmlr.org/papers/v15/srivastava14a.html}
}


@article{taishih_2005,
	author = {Taishih Chi, Powen Ru and Shihab A. Shamma },
	title = {Multiresulution spectrotemporal analysis of complex sounds},
	journal = {J. Acoust. Soc. Am.},
        year = {2005},
        volume = {118},
        pages = {887-906}
}


@book{Miller_1993,
 author = {Kenneth S. Miller and Bertram Ross},
 title = {An Introduction to the Fractional Calculus and Fractional Differential Equations},
 year = {1993},
 isbn = {0-471-58884-9},
 publisher = {A Wiley-Interscience Publication},
 address = {Printed in the United States of America},
 edition = {First},
 pages = {23}
} 


